@Article{Zhang2023,
  author       = {Zhang, Ceng and Chen, Junxin and Li, Jiatong and Peng, Yanhong and Mao, Zebing},
  date         = {2023-12},
  journaltitle = {Biomimetic Intelligence and Robotics},
  title        = {Large language models for human–robot interaction: A review},
  doi          = {10.1016/j.birob.2023.100131},
  issn         = {2667-3797},
  number       = {4},
  pages        = {100131},
  volume       = {3},
  publisher    = {Elsevier BV},
}

@Online{Awati2023,
  author  = {Rahul Awati},
  date    = {2023-04-24},
  title   = {Convolutional neural network (CNN)},
  url     = {https://www.techtarget.com/searchenterpriseai/definition/convolutional-neural-network},
  urldate = {2023-12-08},
}

@Article{Bharati2002,
  author  = {Bharati, Akshar and Chaitanya, Vineet and Sangal, Rajeev and Gillon, Brendan},
  title   = {Natural Language Processing: A Paninian Perspective},
  pages   = {14},
  url     = {https://www.researchgate.net/publication/2477133_Natural_Language_Processing_A_Paninian_Perspective},
  urldate = {2023-12-09},
  month   = {07},
  year    = {2002},
}

 
@Article{Goodfellow2020,
  author       = {Goodfellow, Ian and Pouget-Abadie, Jean and Mirza, Mehdi and Xu, Bing and Warde-Farley, David and Ozair, Sherjil and Courville, Aaron and Bengio, Yoshua},
  date         = {2020-10},
  journaltitle = {Communications of the ACM},
  title        = {Generative adversarial networks},
  doi          = {10.1145/3422622},
  issn         = {1557-7317},
  number       = {11},
  pages        = {139--144},
  volume       = {63},
  publisher    = {Association for Computing Machinery (ACM)},
}

@article{Topsakal2023CreatingLL, 
  title={Creating Large Language Model Applications Utilizing LangChain: A Primer on Developing LLM Apps Fast}, 
  author={Oguzhan Topsakal and Tahir Cetin Akinci}, 
  journal={International Conference on Applied Engineering and Natural Sciences}, 
  year={2023}, 
  url={https://api.semanticscholar.org/CorpusID:260223847} 
}

@Manual{Liu2022,
  author       = {Jerry Liu},
  date         = {2022},
  title        = {Welcome to LlamaIndex!},
  organization = {LlamaIndex Inc.},
  subtitle     = {Why LlamaIndex?},
  type         = {software},
  url          = {https://docs.llamaindex.ai/en/stable/},
  urldate      = {2023-12-10},
}

@Misc{TensorFlow2022,
  author  = {TensorFlow},
  date    = {2022-07-15},
  title   = {Why TensorFlow?},
  type    = {Video},
  url     = {https://www.youtube.com/watch?v=yjprpOoH5c8},
  urldate = {2023-12-11},
  journal = {YouTube},
}

@Manual{Chollet2015,
  author  = {François Chollet},
  date    = {2015},
  title   = {KerasNLP},
  type    = {software},
  url     = {https://keras.io/api/keras_nlp/},
  urldate = {2023-12-11},
}

@Article{Devlin2018,
  author       = {Jacob Devlin and Ming-Wei Chang},
  date         = {2018-11-02},
  journaltitle = {Research Scientists, Google AI Language},
  title        = {Open Sourcing BERT: State-of-the-Art Pre-training for Natural Language Processing},
  url          = {https://blog.research.google/2018/11/open-sourcing-bert-state-of-art-pre.html},
  urldate      = {2023-12-10},
}

@Article{Novac2022AnalysisOT,
  author  = {Ovidiu Constantin Novac and Mihai Cristian Chirodea and Cornelia Mihaela Novac and Nicu Bizon and Mihai Oproescu and Ovidiu Petru Stan and Cornelia Emilia Gordan},
  title   = {Analysis of the Application Efficiency of TensorFlow and PyTorch in Convolutional Neural Network},
  url     = {https://api.semanticscholar.org/CorpusID:253659456},
  urldate = {2023-12-10},
  volume  = {22},
  journal = {Sensors (Basel, Switzerland)},
  year    = {2022},
}

@Article{Madhavan2021,
  author  = {Madhavan, Samaya and Ahmed, Sidra and Rao, Vinay and John, Anto},
  date    = {2021-03-11},
  title   = {Compare deep learning frameworks},
  url     = {https://developer.ibm.com/articles/compare-deep-learning-frameworks/},
  urldate = {2023-12-10},
}

@Manual{TensorFlow2023,
  author       = {TensorFlow},
  date         = {2023-06-08},
  title        = {Keras: The high-level API for TensorFlow},
  organization = {TensorFlow},
  url          = {https://www.tensorflow.org/guide/keras},
  urldate      = {2023-12-11},
}

 
@InBook{Anshik2021,
  author    = {Anshik},
  booktitle = {AI for Healthcare with Keras and Tensorflow 2.0},
  date      = {2021},
  title     = {Predicting Hospital Readmission by Analyzing Patient EHR Records},
  doi       = {10.1007/978-1-4842-7086-8_3},
  isbn      = {9781484270868},
  pages     = {39--97},
  publisher = {Apress},
}

@Online{IBMRNN2023,
  author       = {IBM},
  title        = {What are recurrent neural networks?},
  url          = {https://www.ibm.com/topics/recurrent-neural-networks},
  organization = {International Business Machines Corporation},
  urldate      = {2023-12-11},
}

@Online{IBMCNN2023,
  author       = {IBM},
  title        = {What are convolutional neural networks?},
  url          = {https://www.ibm.com/topics/convolutional-neural-networks},
  organization = {International Business Machines Corporation},
  urldate      = {2023-12-11},
}

@Online{TensorFlowJS2015,
  author       = {TensorFlow},
  title        = {TensorFlow.js is a library for machine learning in JavaScript},
  url          = {https://www.tensorflow.org/js},
  organization = {TensorFlow},
  urldate      = {2023-12-11},
}

@Article{Nordenstam2014,
  author  = {Nordenstam, G.},
  date    = {2014},
  title   = {Prioritizing LMS Requirements Using the MoSCoW Method},
  url     = {https://www.learninglensinc.com/insights/lms-requirements-with-moscow.html},
  urldate = {2023-12-11},
}

@Comment{jabref-meta: databaseType:biblatex;}
